<record><leader>00000cas a2200000 a 4500</leader><controlfield tag="001">11911059</controlfield><controlfield tag="008">850412d18851889ksusr ne      0    0eng d</controlfield><datafield ind1=" " ind2=" " tag="010"><subfield code="a">sn 85030283 </subfield></datafield><datafield ind1=" " ind2=" " tag="040"><subfield code="a">KSH</subfield><subfield code="b">eng</subfield><subfield code="c">KSH</subfield><subfield code="d">NPT</subfield><subfield code="d">OCL</subfield><subfield code="d">OCLCQ</subfield></datafield><datafield ind1=" " ind2=" " tag="042"><subfield code="a">msc</subfield></datafield><datafield ind1="0" ind2=" " tag="130"><subfield code="a">Hornet (Spring Lake, Kan.)</subfield></datafield><datafield ind1="1" ind2="4" tag="245"><subfield code="a">The hornet.</subfield></datafield><datafield ind1="1" ind2="3" tag="246"><subfield code="a">Spring Lake hornet</subfield><subfield code="f">Nov. 26, 1886-Dec. 2, 1887</subfield></datafield><datafield ind1="1" ind2="3" tag="246"><subfield code="a">Artois hornet</subfield><subfield code="f">Dec. 16-30, 1887</subfield></datafield><datafield ind1="1" ind2="3" tag="246"><subfield code="a">Artesian hornet</subfield><subfield code="f">May 10-Nov. 29, 1889</subfield></datafield><datafield ind1=" " ind2=" " tag="260"><subfield code="a">Spring Lake, Kan. :</subfield><subfield code="b">C. Sourbeer</subfield></datafield><datafield ind1=" " ind2=" " tag="300"><subfield code="a">v. :</subfield><subfield code="b">ill. ;</subfield><subfield code="c">10-25 cm.</subfield></datafield><datafield ind1=" " ind2=" " tag="310"><subfield code="a">Semimonthly,</subfield><subfield code="b">Dec. 10, 1886-Nov. 29, 1889</subfield></datafield><datafield ind1=" " ind2=" " tag="321"><subfield code="a">Semimonthly,</subfield><subfield code="b">June 1885-Sept. 24, 1886</subfield></datafield><datafield ind1=" " ind2=" " tag="321"><subfield code="a">Weekly,</subfield><subfield code="b">Oct. 1, 1886-Dec. 3, 1886</subfield></datafield><datafield ind1="1" ind2=" " tag="362"><subfield code="a">Began in 1885? Ceased in 1889?</subfield></datafield><datafield ind1=" " ind2=" " tag="500"><subfield code="a">Published in Artesian City, Kan., Jan. 27-Nov. 29, 1889.</subfield></datafield><datafield ind1=" " ind2=" " tag="500"><subfield code="a">"Republican," June-Sept. 22, 1886; "Prohibitionist, " Oct. 1-Nov. 12, 1886.</subfield></datafield><datafield ind1=" " ind2=" " tag="588"><subfield code="a">Description based on: Vol. 1, no. 2 (June 1885).</subfield></datafield><datafield ind1=" " ind2=" " tag="752"><subfield code="a">United States</subfield><subfield code="b">Kansas</subfield><subfield code="c">Meade</subfield><subfield code="d">Spring Lake.</subfield></datafield><datafield ind1=" " ind2=" " tag="752"><subfield code="a">United States</subfield><subfield code="b">Kansas</subfield><subfield code="c">Meade</subfield><subfield code="d">Artesian City.</subfield></datafield><datafield ind1="1" ind2=" " tag="029"><subfield code="a">AU@</subfield><subfield code="b">000026353828</subfield></datafield></record>